@phdthesis{fernandez2024modelado,
  title={Modelado computacional para el desarrollo de electrodos de bater{\'i}as de ion-litio de pr{\'o}xima generaci{\'o}n},
  author={Fernandez, Francisco},
  year={2024},
  school={Universidad Nacional de C{\'o}rdoba},
}
