%%%%%%%%%%%%%%%%%%%%%%%%%%%%%%%%%%%%%%%%%%%%%%%%%%%%%%%%%%%%%%%%%%%%%%%%%%%%%%%%%
%%%%%%%%%%%%%%%%%%%%%%%%%%%%      INTRODUCCIÓN     %%%%%%%%%%%%%%%%%%%%%%%%%%%%%%
%%%%%%%%%%%%%%%%%%%%%%%%%%%%%%%%%%%%%%%%%%%%%%%%%%%%%%%%%%%%%%%%%%%%%%%%%%%%%%%%%

@article{houghton2005,
  title={Global warming},
  author={Houghton, John},
  journal={Reports on progress in physics},
  volume={68},
  number={6},
  pages={1343},
  year={2005},
  publisher={IOP Publishing}
}

@book{harvey2018,
  title={Global warming},
  author={Harvey, LD Danny},
  year={2018},
  publisher={Routledge}
}

@article{heredia2020,
  title={The importance of lithium for achieving a low-carbon future: overview of the lithium extraction in the ‘Lithium Triangle’},
  author={Heredia, Florencia and Martinez, Agostina L and Surraco Urtubey, Valentina},
  journal={Journal of Energy \& Natural Resources Law},
  volume={38},
  number={3},
  pages={213--236},
  year={2020},
  publisher={Taylor \& Francis}
}

@article{reddy2020,
  title={Brief history of early lithium-battery development},
  author={Reddy, Mogalahalli V and Mauger, Alain and Julien, Christian M and Paolella, Andrea and Zaghib, Karim},
  journal={Materials},
  volume={13},
  number={8},
  pages={1884},
  year={2020},
  publisher={Multidisciplinary Digital Publishing Institute}
}

@article{schaube2018,
  title={Status and future dynamics of decentralised renewable energy niche building processes in Argentina},
  author={Schaube, Philipp and Ortiz, Willington and Recalde, Marina},
  journal={Energy research \& social science},
  volume={35},
  pages={57--67},
  year={2018},
  publisher={Elsevier}
}

@article{davidson2019,
  title={Exnovating for a renewable energy transition},
  author={Davidson, Debra J},
  journal={Nature Energy},
  volume={4},
  number={4},
  pages={254--256},
  year={2019},
  publisher={Nature Publishing Group}
}

@article{leonhardt2022,
  title={Advancing local energy transitions: A global review of government instruments supporting community energy},
  author={Leonhardt, Renata and Noble, Bram and Poelzer, Greg and Fitzpatrick, Patricia and Belcher, Ken and Holdmann, Gwen},
  journal={Energy Research \& Social Science},
  volume={83},
  pages={102350},
  year={2022},
  publisher={Elsevier}
}

@article{cantarero2020,
  title={Of renewable energy, energy democracy, and sustainable development: A roadmap to accelerate the energy transition in developing countries},
  author={Cantarero, Maria Mercedes Vanegas},
  journal={Energy Research \& Social Science},
  volume={70},
  pages={101716},
  year={2020},
  publisher={Elsevier}
}

@article{olabi2022,
  title={Renewable energy and climate change},
  author={Olabi, AG and Abdelkareem, Mohammad Ali},
  journal={Renewable and Sustainable Energy Reviews},
  volume={158},
  pages={112111},
  year={2022},
  publisher={Elsevier}
}

@article{khan2019,
  title={Review of energy storage and transportation of energy},
  author={Khan, Nasrullah and Dilshad, Saad and Khalid, Rashida and Kalair, Ali Raza and Abas, Naeem},
  journal={Energy Storage},
  volume={1},
  number={3},
  pages={e49},
  year={2019},
  publisher={Wiley Online Library}
}

@article{schipper2016,
  title={A brief review: Past, present and future of lithium ion batteries},
  author={Schipper, Florian and Aurbach, Doron},
  journal={Russian Journal of Electrochemistry},
  volume={52},
  number={12},
  pages={1095--1121},
  year={2016},
  publisher={Springer}
}

@article{whittingham1976,
  title={Electrical energy storage and intercalation chemistry},
  author={Whittingham, M Stanley},
  journal={Science},
  volume={192},
  number={4244},
  pages={1126--1127},
  year={1976},
  publisher={American Association for the Advancement of Science}
}

@article{peled1979,
  title={The electrochemical behavior of alkali and alkaline earth metals in nonaqueous battery systems—the solid electrolyte interphase model},
  author={Peled, Emanuel},
  journal={Journal of The Electrochemical Society},
  volume={126},
  number={12},
  pages={2047},
  year={1979},
  publisher={IOP Publishing}
}

@article{besenhard1976,
  title={High energy density lithium cells: Part I. Electrolytes and anodes},
  author={Besenhard, JO and Eichinger, G},
  journal={Journal of Electroanalytical Chemistry and Interfacial Electrochemistry},
  volume={68},
  number={1},
  pages={1--18},
  year={1976},
  publisher={Elsevier}
}

@article{yamaki1998,
  title={A consideration of the morphology of electrochemically deposited lithium in an organic electrolyte},
  author={Yamaki, Jun-ichi and Tobishima, Shin-ichi and Hayashi, Katsuya and Saito, Keiichi and Nemoto, Yasue and Arakawa, Masayasu},
  journal={Journal of Power Sources},
  volume={74},
  number={2},
  pages={219--227},
  year={1998},
  publisher={Elsevier}
}

@article{mizushima1980,
  title={LixCoO2 (0< x<-1): A new cathode material for batteries of high energy density},
  author={Mizushima, KJPC and Jones, PC and Wiseman, PJ and Goodenough, John B},
  journal={Materials Research Bulletin},
  volume={15},
  number={6},
  pages={783--789},
  year={1980},
  publisher={Elsevier}
}

@article{fong1990,
  title={Studies of lithium intercalation into carbons using nonaqueous electrochemical cells},
  author={Fong, Rosamaria and Von Sacken, Ulrich and Dahn, Jeff R},
  journal={Journal of The Electrochemical Society},
  volume={137},
  number={7},
  pages={2009},
  year={1990},
  publisher={IOP Publishing}
}

@article{shao1999,
  title={Structural characterization of layered LiMnO2 electrodes by electron diffraction and lattice imaging},
  author={Shao-Horn, Y and Hackney, SA and Armstrong, AR and Bruce, PG and Gitzendanner, R and Johnson, CS and Thackeray, MM},
  journal={Journal of the Electrochemical Society},
  volume={146},
  number={7},
  pages={2404},
  year={1999},
  publisher={IOP Publishing}
}

@article{shin2004,
  title={Factors influencing the capacity fade of spinel lithium manganese oxides},
  author={Shin, Youngjoon and Manthiram, Arumugam},
  journal={Journal of the Electrochemical Society},
  volume={151},
  number={2},
  pages={A204},
  year={2004},
  publisher={IOP Publishing}
}

@article{ohzuku1993,
  title={Electrochemistry and structural chemistry of LiNiO2 (R3m) for 4 volt secondary lithium cells},
  author={Ohzuku, Tsutomu and Ueda, Atsushi and Nagayama, Masatoshi},
  journal={Journal of the Electrochemical Society},
  volume={140},
  number={7},
  pages={1862},
  year={1993},
  publisher={IOP Publishing}
}

@article{liu1999,
  title={Synthesis and characterization of LiNi1- x- yCoxMnyO2 as the cathode materials of secondary lithium batteries},
  author={Liu, Zhaolin and Yu, Aishui and Lee, Jim Y},
  journal={Journal of Power Sources},
  volume={81},
  pages={416--419},
  year={1999},
  publisher={Elsevier}
}

@article{chen2004,
  title={Aluminum-doped lithium nickel cobalt oxide electrodes for high-power lithium-ion batteries},
  author={Chen, CH and Liu, J and Stoll, ME and Henriksen, G and Vissers, DR and Amine, K},
  journal={Journal of power Sources},
  volume={128},
  number={2},
  pages={278--285},
  year={2004},
  publisher={Elsevier}
}

@article{padhi1997,
  title={Phospho-olivines as positive-electrode materials for rechargeable lithium batteries},
  author={Padhi, Akshaya K and Nanjundaswamy, Kirakodu S and Goodenough, John B},
  journal={Journal of the electrochemical society},
  volume={144},
  number={4},
  pages={1188},
  year={1997},
  publisher={IOP Publishing}
}

@article{zheng2018,
  title={Review on solid electrolytes for all-solid-state lithium-ion batteries},
  author={Zheng, Feng and Kotobuki, Masashi and Song, Shufeng and Lai, Man On and Lu, Li},
  journal={Journal of Power Sources},
  volume={389},
  pages={198--213},
  year={2018},
  publisher={Elsevier}
}

@article{wang2019,
  title={Progress of enhancing the safety of lithium ion battery from the electrolyte aspect},
  author={Wang, Qingsong and Jiang, Lihua and Yu, Yan and Sun, Jinhua},
  journal={Nano Energy},
  volume={55},
  pages={93--114},
  year={2019},
  publisher={Elsevier}
}

@article{logan2020,
  title={Electrolyte design for fast-charging Li-ion batteries},
  author={Logan, ER and Dahn, JR},
  journal={Trends in Chemistry},
  volume={2},
  number={4},
  pages={354--366},
  year={2020},
  publisher={Elsevier}
}

@article{zhao2020,
  title={Lithium--sulfur batteries under lean electrolyte conditions: challenges and opportunities},
  author={Zhao, Meng and Li, Bo-Quan and Peng, Hong-Jie and Yuan, Hong and Wei, Jun-Yu and Huang, Jia-Qi},
  journal={Angewandte Chemie International Edition},
  volume={59},
  number={31},
  pages={12636--12652},
  year={2020},
  publisher={Wiley Online Library}
}

@article{zhang2011,
  title={A review of the electrochemical performance of alloy anodes for lithium-ion batteries},
  author={Zhang, Wei-Jun},
  journal={Journal of Power Sources},
  volume={196},
  number={1},
  pages={13--24},
  year={2011},
  publisher={Elsevier}
}

@article{zuo2016,
  title={Silicon based lithium-ion battery anodes: A chronicle perspective review},
  author={Zuo, Xiuxia and Zhu, Jin and M{\"u}ller-Buschbaum, Peter and Cheng, Ya-Jun},
  journal={Nano Energy},
  volume={31},
  pages={113--143},
  year={2017},
  publisher={Elsevier}
}

@article{son2012,
  title={A Highly Reversible Nano-Si Anode Enabled by Mechanical Confinement in an Electrochemically Activated LixTi4Ni4Si7 Matrix},
  author={Son, Seoung-Bum and Kim, Seul Cham and Kang, Chan Soon and Yersak, Thomas A and Kim, Yoon-Chang and Lee, Chun-Gyoo and Moon, Sung-Hwan and Cho, Jong Soo and Moon, Jeong-Tak and Oh, Kyu Hwan and others},
  journal={Advanced Energy Materials},
  volume={2},
  number={10},
  pages={1226--1231},
  year={2012},
  publisher={Wiley Online Library}
}

@article{jia2015,
  title={Facile synthesis and lithium storage properties of a porous NiSi2/Si/carbon composite anode material for lithium-ion batteries},
  author={Jia, Haiping and Stock, Christoph and Kloepsch, Richard and He, Xin and Badillo, Juan Pablo and Fromm, Olga and Vortmann, Britta and Winter, Martin and Placke, Tobias},
  journal={ACS applied materials \& interfaces},
  volume={7},
  number={3},
  pages={1508--1515},
  year={2015},
  publisher={ACS Publications}
}

@article{zhao2012,
  title={Electrodeposited Si film with excellent stability and high rate performance for lithium-ion battery anodes},
  author={Zhao, Guangyu and Meng, Yufeng and Zhang, Naiqing and Sun, Kening},
  journal={Materials Letters},
  volume={76},
  pages={55--58},
  year={2012},
  publisher={Elsevier}
}

@article{li2015,
  title={Hollow carbon nanospheres/silicon/alumina core-shell film as an anode for lithium-ion batteries},
  author={Li, Bing and Yao, Fei and Bae, Jung Jun and Chang, Jian and Zamfir, Mihai Robert and Le, Duc Toan and Pham, Duy Tho and Yue, Hongyan and Lee, Young Hee},
  journal={Scientific reports},
  volume={5},
  number={1},
  pages={1--9},
  year={2015},
  publisher={Nature Publishing Group}
}

@article{ryu2016,
  title={Synthesis of ultrathin Si nanosheets from natural clays for lithium-ion battery anodes},
  author={Ryu, Jaegeon and Hong, Dongki and Choi, Sinho and Park, Soojin},
  journal={ACS nano},
  volume={10},
  number={2},
  pages={2843--2851},
  year={2016},
  publisher={ACS Publications}
}

@article{chen2014,
  title={Li+-conductive polymer-embedded nano-Si particles as anode material for advanced Li-ion batteries},
  author={Chen, Yao and Zeng, Shi and Qian, Jianfeng and Wang, Yadong and Cao, Yuliang and Yang, Hanxi and Ai, Xinping},
  journal={ACS applied materials \& interfaces},
  volume={6},
  number={5},
  pages={3508--3512},
  year={2014},
  publisher={ACS Publications}
}

@article{magasinski2010,
  title={High-performance lithium-ion anodes using a hierarchical bottom-up approach},
  author={Magasinski, A and Dixon, P and Hertzberg, B and Kvit, A and Ayala, J\_ and Yushin, GJNM},
  journal={Nature materials},
  volume={9},
  number={4},
  pages={353--358},
  year={2010},
  publisher={Nature Publishing Group}
}

@article{hwa2012,
  title={High capacity and rate capability of core--shell structured nano-Si/C anode for Li-ion batteries},
  author={Hwa, Yoon and Kim, Won-Sik and Hong, Seong-Hyeon and Sohn, Hun-Joon},
  journal={Electrochimica Acta},
  volume={71},
  pages={201--205},
  year={2012},
  publisher={Elsevier}
}

@article{wen2013,
  title={Graphene-bonded and-encapsulated Si nanoparticles for lithium ion battery anodes},
  author={Wen, Yang and Zhu, Yujie and Langrock, Alex and Manivannan, Ayyakkannu and Ehrman, Sheryl H and Wang, Chunsheng},
  journal={Small},
  volume={9},
  number={16},
  pages={2810--2816},
  year={2013},
  publisher={Wiley Online Library}
}

@article{ge2012,
  title={Porous doped silicon nanowires for lithium ion battery anode with long cycle life},
  author={Ge, Mingyuan and Rong, Jiepeng and Fang, Xin and Zhou, Chongwu},
  journal={Nano letters},
  volume={12},
  number={5},
  pages={2318--2323},
  year={2012},
  publisher={ACS Publications}
}

@article{jing2014,
  title={Directly grown Si nanowire arrays on Cu foam with a coral-like surface for lithium-ion batteries},
  author={Jing, Shilong and Jiang, Hao and Hu, Yanjie and Li, Chunzhong},
  journal={Nanoscale},
  volume={6},
  number={23},
  pages={14441--14445},
  year={2014},
  publisher={Royal Society of Chemistry}
}

@article{bogart2014,
  title={Lithium ion battery peformance of silicon nanowires with carbon skin},
  author={Bogart, Timothy D and Oka, Daichi and Lu, Xiaotang and Gu, Meng and Wang, Chongmin and Korgel, Brian A},
  journal={ACS nano},
  volume={8},
  number={1},
  pages={915--922},
  year={2014},
  publisher={ACS Publications}
}

@article{kohandehghan2014,
  title={Nanometer-scale Sn coatings improve the performance of silicon nanowire LIB anodes},
  author={Kohandehghan, Alireza and Cui, Kai and Kupsta, Martin and Memarzadeh, Elmira and Kalisvaart, Peter and Mitlin, David},
  journal={Journal of Materials Chemistry A},
  volume={2},
  number={29},
  pages={11261--11279},
  year={2014},
  publisher={Royal Society of Chemistry}
}

@article{wen2013nt,
  title={Silicon nanotube anode for lithium-ion batteries},
  author={Wen, Zhenhai and Lu, Ganhua and Mao, Shun and Kim, Haejune and Cui, Shumao and Yu, Kehan and Huang, Xingkang and Hurley, Patrick T and Mao, Ou and Chen, Junhong},
  journal={Electrochemistry Communications},
  volume={29},
  pages={67--70},
  year={2013},
  publisher={Elsevier}
}

@article{lu2014,
  title={Facile synthesis of carbon decorated silicon nanotube arrays as anode material for high-performance lithium-ion batteries},
  author={Lu, Zhenzhen and Wong, Tailun and Ng, Tsz-Wai and Wang, Chundong},
  journal={Rsc Advances},
  volume={4},
  number={5},
  pages={2440--2446},
  year={2014},
  publisher={Royal Society of Chemistry}
}

@article{cho2010,
  title={Porous Si anode materials for lithium rechargeable batteries},
  author={Cho, Jaephil},
  journal={Journal of Materials Chemistry},
  volume={20},
  number={20},
  pages={4009--4014},
  year={2010},
  publisher={Royal Society of Chemistry}
}

@incollection{tarascon2011,
  title={Issues and challenges facing rechargeable lithium batteries},
  author={Tarascon, J-M and Armand, Michel},
  booktitle={Materials for sustainable energy: a collection of peer-reviewed research and review articles from Nature Publishing Group},
  pages={171--179},
  year={2011},
  publisher={World Scientific}
}

@article{placke2017,
  title={Lithium ion, lithium metal, and alternative rechargeable battery technologies: the odyssey for high energy density},
  author={Placke, Tobias and Kloepsch, Richard and D{\"u}hnen, Simon and Winter, Martin},
  journal={Journal of Solid State Electrochemistry},
  volume={21},
  number={7},
  pages={1939--1964},
  year={2017},
  publisher={Springer}
}


%%%%%%%%%%%%%%%%%%%%%%%%%%%%%%%%%%%%%%%%%%%%%%%%%%%%%%%%%%%%%%%%%%%%%%%%%%%%%%%%%
%%%%%%%%%%%%%%%%%%%%%%%%%%%%        METODOS       %%%%%%%%%%%%%%%%%%%%%%%%%%%%%%%
%%%%%%%%%%%%%%%%%%%%%%%%%%%%%%%%%%%%%%%%%%%%%%%%%%%%%%%%%%%%%%%%%%%%%%%%%%%%%%%%%

@book{hill1986,
  title={An introduction to statistical thermodynamics},
  author={Hill, Terrell L},
  year={1986},
  publisher={Courier Corporation}
}

@book{allen2017,
  title={Computer simulation of liquids},
  author={Allen, Michael P and Tildesley, Dominic J},
  year={2017},
  publisher={Oxford university press}
}

@book{frenkel2001,
  title={Understanding molecular simulation: from algorithms to applications},
  author={Frenkel, Daan and Smit, Berend},
  volume={1},
  year={2001},
  publisher={Elsevier}
}

@book{rapaport2004,
  title={The art of molecular dynamics simulation},
  author={Rapaport, Dennis C},
  year={2004},
  publisher={Cambridge university press}
}

@article{materials_project,
  title={Commentary: The Materials Project: A materials genome approach to accelerating materials innovation},
  author={Jain, Anubhav and Ong, Shyue Ping and Hautier, Geoffroy and Chen, Wei and Richards, William Davidson and Dacek, Stephen and Cholia, Shreyas and Gunter, Dan and Skinner, David and Ceder, Gerbrand and others},
  journal={APL materials},
  volume={1},
  number={1},
  pages={011002},
  year={2013},
  publisher={American Institute of PhysicsAIP}
}

@book{coulomb,
  title={M{\'e}moires sur l'{\'e}lectricit{\'e} et la magn{\'e}tisme},
  author={Coulomb, Charles Augustin},
  year={1789},
  publisher={Chez Bachelier, libraire}
}

@article{eam,
  title={Embedded-atom method: Derivation and application to impurities, surfaces, and other defects in metals},
  author={Daw, Murray S and Baskes, Michael I},
  journal={Physical Review B},
  volume={29},
  number={12},
  pages={6443},
  year={1984},
  publisher={APS}
}

@article{meam,
  title={Modified embedded-atom potentials for cubic materials and impurities},
  author={Baskes, Michael I},
  journal={Physical review B},
  volume={46},
  number={5},
  pages={2727},
  year={1992},
  publisher={APS}
}

@article{stillinger-weber,
  title={Computer simulation of local order in condensed phases of silicon},
  author={Stillinger, Frank H and Weber, Thomas A},
  journal={Physical review B},
  volume={31},
  number={8},
  pages={5262},
  year={1985},
  publisher={APS}
}

@article{tersoff,
  title={New empirical approach for the structure and energy of covalent systems},
  author={Tersoff, Jerry},
  journal={Physical review B},
  volume={37},
  number={12},
  pages={6991},
  year={1988},
  publisher={APS}
}

@article{comb,
  title={Variable charge reactive potential for hydrocarbons to simulate organic-copper interactions},
  author={Liang, Tao and Devine, Bryce and Phillpot, Simon R and Sinnott, Susan B},
  journal={The Journal of Physical Chemistry A},
  volume={116},
  number={30},
  pages={7976--7991},
  year={2012},
  publisher={ACS Publications}
}

@article{reaxff,
  title={ReaxFF: a reactive force field for hydrocarbons},
  author={Van Duin, Adri CT and Dasgupta, Siddharth and Lorant, Francois and Goddard, William A},
  journal={The Journal of Physical Chemistry A},
  volume={105},
  number={41},
  pages={9396--9409},
  year={2001},
  publisher={ACS Publications}
}

@article{lennard-jones,
  title={Cohesion},
  author={Lennard-Jones, John E},
  journal={Proceedings of the Physical Society (1926-1948)},
  volume={43},
  number={5},
  pages={461},
  year={1931},
  publisher={IOP Publishing}
}

@article{dft1,
  title={Inhomogeneous electron gas},
  author={Hohenberg, Pierre and Kohn, Walter},
  journal={Physical review},
  volume={136},
  number={3B},
  pages={B864},
  year={1964},
  publisher={APS}
}

@article{dft2,
  title={Self-consistent equations including exchange and correlation effects},
  author={Kohn, Walter and Sham, Lu Jeu},
  journal={Physical review},
  volume={140},
  number={4A},
  pages={A1133},
  year={1965},
  publisher={APS}
}

@article{dftb1,
  title={Construction of tight-binding-like potentials on the basis of density-functional theory: Application to carbon},
  author={Porezag, Dirk and Frauenheim, Th and K{\"o}hler, Th and Seifert, Gotthard and Kaschner, R},
  journal={Physical Review B},
  volume={51},
  number={19},
  pages={12947},
  year={1995},
  publisher={APS}
}

@article{dftb2,
  title={Calculations of molecules, clusters, and solids with a simplified LCAO-DFT-LDA scheme},
  author={Seifert, G and Porezag, D and Frauenheim, Th},
  journal={International journal of quantum chemistry},
  volume={58},
  number={2},
  pages={185--192},
  year={1996},
  publisher={Wiley Online Library}
}

@article{dftb3,
  title={Self-consistent-charge density-functional tight-binding method for simulations of complex materials properties},
  author={Elstner, Marcus and Porezag, Dirk and Jungnickel, G and Elsner, J and Haugk, M and Frauenheim, Th and Suhai, Sandor and Seifert, Gotthard},
  journal={Physical Review B},
  volume={58},
  number={11},
  pages={7260},
  year={1998},
  publisher={APS}
}

@article{schneider1978,
  title={Molecular-dynamics study of a three-dimensional one-component model for distortive phase transitions},
  author={Schneider, T and Stoll, E},
  journal={Physical Review B},
  volume={17},
  number={3},
  pages={1302},
  year={1978},
  publisher={APS}
}

@book{kroger2005,
  title={Models for polymeric and anisotropic liquids},
  author={Kr{\"o}ger, Martin},
  volume={675},
  year={2005},
  publisher={Springer Science \& Business Media}
}

@article{berendsen1984,
  title={Molecular dynamics with coupling to an external bath},
  author={Berendsen, Herman JC and Postma, JPM van and van Gunsteren, Wilfred F and DiNola, ARHJ and Haak, Jan R},
  journal={The Journal of chemical physics},
  volume={81},
  number={8},
  pages={3684--3690},
  year={1984},
  publisher={American Institute of Physics}
}

@article{nose1984a,
  title={A molecular dynamics method for simulations in the canonical ensemble},
  author={Nos{\'e}, Sh{\=u}ichi},
  journal={Molecular physics},
  volume={52},
  number={2},
  pages={255--268},
  year={1984},
  publisher={Taylor \& Francis}
}

@article{nose1984b,
  title={A unified formulation of the constant temperature molecular dynamics methods},
  author={Nos{\'e}, Shuichi},
  journal={The Journal of chemical physics},
  volume={81},
  number={1},
  pages={511--519},
  year={1984},
  publisher={American Institute of Physics}
}

@article{hoover1985,
  title={Canonical dynamics: Equilibrium phase-space distributions},
  author={Hoover, William G},
  journal={Physical review A},
  volume={31},
  number={3},
  pages={1695},
  year={1985},
  publisher={APS}
}

@article{parrinello-rahman,
  title={Polymorphic transitions in single crystals: A new molecular dynamics method},
  author={Parrinello, Michele and Rahman, Aneesur},
  journal={Journal of Applied physics},
  volume={52},
  number={12},
  pages={7182--7190},
  year={1981},
  publisher={American Institute of Physics}
}

@article{gomer1990,
  title={Diffusion of adsorbates on metal surfaces},
  author={Gomer, Rep},
  journal={Reports on progress in Physics},
  volume={53},
  number={7},
  pages={917},
  year={1990},
  publisher={IOP Publishing}
}

@article{lammps1,
  title={Fast parallel algorithms for short-range molecular dynamics},
  author={Plimpton, Steve},
  journal={Journal of computational physics},
  volume={117},
  number={1},
  pages={1--19},
  year={1995},
  publisher={Elsevier}
}

@article{lammps2,
  author = "A. P. Thompson and H. M. Aktulga and R. Berger and
     D. S. Bolintineanu and W. M. Brown and P. S. Crozier and
     P. J. in 't Veld and A. Kohlmeyer and S. G. Moore and T. D. Nguyen and
     R. Shan and M. J. Stevens and J. Tranchida and C. Trott and S. J. Plimpton",
  title = "{LAMMPS} - a flexible simulation tool for
     particle-based materials modeling at the
     atomic, meso, and continuum scales",
  journal = "Comp. Phys. Comm.",
  volume =  "271",
  pages =   "108171",
  year =    "2022",
  doi = "10.1016/j.cpc.2021.108171"
}

@misc{gems,
  title = {{{GEMS}} Is an {{Extensible Molecular Simulator}}},
  author = {Paz, Sergio Alexis},
  year = {2020},
  month = oct,
  howpublished = {\url{https://github.com/alexispaz/GEMS}},
  abstract = {GEMS is an Extensible Molecular Simulator. Contribute to alexispaz/GEMS development by creating an account on GitHub.},
  copyright = {GPL-3.0 License         ,                 GPL-3.0 License}
}

@article{dftb+,
  title={DFTB+, a software package for efficient approximate density functional theory based atomistic simulations},
  author={Hourahine, Ben and Aradi, B{\'a}lint and Blum, Volker and Bonaf{\'e}, F and Buccheri, A and Camacho, Cristopher and Cevallos, Caterina and Deshaye, MY and Dumitric{\u{a}}, T and Dominguez, A and others},
  journal={The Journal of chemical physics},
  volume={152},
  number={12},
  pages={124101},
  year={2020},
  publisher={AIP Publishing LLC}
}

@article{vmd,
  title={VMD: visual molecular dynamics},
  author={Humphrey, William and Dalke, Andrew and Schulten, Klaus},
  journal={Journal of molecular graphics},
  volume={14},
  number={1},
  pages={33--38},
  year={1996},
  publisher={Elsevier}
}


%%%%%%%%%%%%%%%%%%%%%%%%%%%%%%%%%%%%%%%%%%%%%%%%%%%%%%%%%%%%%%%%%%%%%%%%%%%%%%%%%
%%%%%%%%%%%%%%%%%%%%%%%%        CARACTERIZACIÓN       %%%%%%%%%%%%%%%%%%%%%%%%%%%
%%%%%%%%%%%%%%%%%%%%%%%%%%%%%%%%%%%%%%%%%%%%%%%%%%%%%%%%%%%%%%%%%%%%%%%%%%%%%%%%%

@article{obrovac2004,
  title={Structural changes in silicon anodes during lithium insertion/extraction},
  author={Obrovac, MN and Christensen, Leif},
  journal={Electrochemical and Solid State Letters},
  volume={7},
  number={5},
  pages={A93},
  year={2004},
  publisher={IOP Publishing}
}

@article{key2011,
  title={Pair distribution function analysis and solid state NMR studies of silicon electrodes for lithium ion batteries: understanding the (de) lithiation mechanisms},
  author={Key, Baris and Morcrette, Mathieu and Tarascon, Jean-Marie and Grey, Clare P},
  journal={Journal of the American Chemical Society},
  volume={133},
  number={3},
  pages={503--512},
  year={2011},
  publisher={ACS Publications}
}

@article{fan2013,
  title={Mechanical properties of amorphous LixSi alloys: a reactive force field study},
  author={Fan, Feifei and Huang, Shan and Yang, Hui and Raju, Muralikrishna and Datta, Dibakar and Shenoy, Vivek B and Van Duin, Adri CT and Zhang, Sulin and Zhu, Ting},
  journal={Modelling and Simulation in Materials Science and Engineering},
  volume={21},
  number={7},
  pages={074002},
  year={2013},
  publisher={IOP Publishing}
}

@article{vanduin2003,
  title={ReaxFFSiO reactive force field for silicon and silicon oxide systems},
  author={Van Duin, Adri CT and Strachan, Alejandro and Stewman, Shannon and Zhang, Qingsong and Xu, Xin and Goddard, William A},
  journal={The Journal of Physical Chemistry A},
  volume={107},
  number={19},
  pages={3803--3811},
  year={2003},
  publisher={ACS Publications}
}

@article{kim2014,
  title={Atomistic mechanisms of phase boundary evolution during initial lithiation of crystalline silicon},
  author={Kim, Sang-Pil and Datta, Dibakar and Shenoy, Vivek B},
  journal={The Journal of Physical Chemistry C},
  volume={118},
  number={31},
  pages={17247--17253},
  year={2014},
  publisher={ACS Publications}
}

@article{kim2015,
  title={Vacancies in Si can improve the concentration-dependent lithiation rate: molecular dynamics studies of lithiation dynamics of Si electrodes},
  author={Kim, Kwang Jin and Qi, Yue},
  journal={The Journal of Physical Chemistry C},
  volume={119},
  number={43},
  pages={24265--24275},
  year={2015},
  publisher={ACS Publications}
}

@article{ostadhossein2015,
  title={Stress effects on the initial lithiation of crystalline silicon nanowires: reactive molecular dynamics simulations using ReaxFF},
  author={Ostadhossein, Alireza and Cubuk, Ekin D and Tritsaris, Georgios A and Kaxiras, Efthimios and Zhang, Sulin and Van Duin, Adri CT},
  journal={Physical Chemistry Chemical Physics},
  volume={17},
  number={5},
  pages={3832--3840},
  year={2015},
  publisher={Royal Society of Chemistry}
}

@article{ding2017,
  title={Stress effects on lithiation in silicon},
  author={Ding, Bin and Wu, Hui and Xu, Zhiping and Li, Xiaoyan and Gao, Huajian},
  journal={Nano Energy},
  volume={38},
  pages={486--493},
  year={2017},
  publisher={Elsevier}
}

@article{trochet2017,
  title={Energy landscape and diffusion kinetics of lithiated silicon: A kinetic activation-relaxation technique study},
  author={Trochet, Micka{\"e}l and Mousseau, Normand},
  journal={Physical Review B},
  volume={96},
  number={13},
  pages={134118},
  year={2017},
  publisher={APS}
}

@article{kim2017,
  title={Atomistic simulation derived insight on the irreversible structural changes of Si electrode during fast and slow delithiation},
  author={Kim, Kwang Jin and Wortman, James and Kim, Sung-Yup and Qi, Yue},
  journal={Nano letters},
  volume={17},
  number={7},
  pages={4330--4338},
  year={2017},
  publisher={ACS Publications}
}

@article{fan2018,
  title={An atomistic perspective on lithiation-induced stress in silicon nanopillars},
  author={Fan, Feifei and Yang, Hui and Zeng, Zhi},
  journal={Scripta Materialia},
  volume={152},
  pages={74--78},
  year={2018},
  publisher={Elsevier}
}

@article{tang2019,
  title={Two-dimensional porous silicon nanosheets as anode materials for high performance lithium-ion batteries},
  author={Tang, Jingjing and Yin, Qifang and Wang, Qian and Li, Qianqian and Wang, Hongtao and Xu, Zhenglong and Yao, Haimin and Yang, Juan and Zhou, Xiangyang and Kim, Jang-Kyo and others},
  journal={Nanoscale},
  volume={11},
  number={22},
  pages={10984--10991},
  year={2019},
  publisher={Royal Society of Chemistry}
}

@article{verners2019,
  title={Characterization of the structural response of a lithiated SiO2/Si interface: A reactive molecular dynamics study},
  author={Verners, O and Simone, A},
  journal={Mechanics of Materials},
  volume={136},
  pages={103030},
  year={2019},
  publisher={Elsevier}
}

@article{basu2019,
  title={Structural transformation and embrittlement during lithiation and delithiation cycles in an amorphous silicon electrode},
  author={Basu, Swastik and Koratkar, Nikhil and Shi, Yunfeng},
  journal={Acta Materialia},
  volume={175},
  pages={11--20},
  year={2019},
  publisher={Elsevier}
}

@article{cao2019,
  title={Stress generation during anisotropic lithiation in silicon nanopillar electrodes: A reactive force field study},
  author={Cao, Luoxia and Yang, Hui and Fan, Feifei},
  journal={Physics Letters A},
  volume={383},
  number={33},
  pages={125955},
  year={2019},
  publisher={Elsevier}
}

@article{lee2020,
  title={Ab Initio-Based Structural and Thermodynamic Aspects of the Electrochemical Lithiation of Silicon Nanoparticles},
  author={Lee, Seung-Eun and Lim, Hyung-Kyu and Lee, Sangheon},
  journal={Catalysts},
  volume={10},
  number={1},
  pages={8},
  year={2020},
  publisher={Multidisciplinary Digital Publishing Institute}
}

@article{tersoff1989,
  title={Modeling solid-state chemistry: Interatomic potentials for multicomponent systems},
  author={Tersoff, JJPRB},
  journal={Physical review B},
  volume={39},
  number={8},
  pages={5566},
  year={1989},
  publisher={APS}
}

@article{zheng2019,
  title={The mechanism of carbon-addition-enhanced electrochemical kinetics},
  author={Zheng, Yao-Ting and He, Min and Cheng, Guang-xu and Zhang, Zaoxiao and Xuan, Fu-Zhen and Wang, Zhengdong},
  journal={Chemical Physics Letters},
  volume={732},
  pages={136665},
  year={2019},
  publisher={Elsevier}
}

@article{zheng2020,
  title={Electrostatic-field-triggered stress in the lithiation of carbon-coated silicon},
  author={Zheng, Yao-Ting and He, Min and Cheng, Guang-xu and Zhang, Zaoxiao and Xuan, Fu-Zhen and Wang, Zhengdong},
  journal={Journal of Power Sources},
  volume={459},
  pages={228100},
  year={2020},
  publisher={Elsevier}
}

@article{chen2020,
  title={Molecular dynamic investigation of the structure and stress in crystalline and amorphous silicon during lithiation},
  author={Chen, Su and Du, Aijun and Yan, Cheng},
  journal={Computational Materials Science},
  volume={183},
  pages={109811},
  year={2020},
  publisher={Elsevier}
}

@article{wen1981,
  title={Chemical diffusion in intermediate phases in the lithium-silicon system},
  author={Wen, C John and Huggins, Robert A},
  journal={Journal of solid state chemistry},
  volume={37},
  number={3},
  pages={271--278},
  year={1981},
  publisher={Elsevier}
}

@article{kirkpatrick1983,
  title = {Optimization by {{Simulated Annealing}}},
  author = {Kirkpatrick, S and Gelatt, C. D. and Vecchi, M. P.},
  year = {1983},
  file = {/home/alexis/Zotero/storage/V57JEUCF/kirkpatrick1983 (1).pdf;/home/alexis/Zotero/storage/SCNWUVWR/tab-pdf.html},
  journal = {SCience}
}

@article{hao2015,
  title = {Multiple {{Simulated Annealing}}-{{Molecular Dynamics}} ({{MSA}}-{{MD}}) for {{Conformational Space Search}} of {{Peptide}} and {{Miniprotein}}},
  author = {Hao, Ge-Fei and Xu, Wei-Fang and Yang, Sheng-Gang and Yang, Guang-Fu},
  year = {2015},
  month = dec,
  volume = {5},
  pages = {15568},
  issn = {2045-2322},
  doi = {10.1038/srep15568},
  journal = {Sci Rep},
  number = {1}
}

@book{wypych2018handbook,
  title={Handbook of material weathering},
  author={Wypych, George},
  year={2018},
  publisher={Elsevier}
}

@article{voter1997HD,
  title={Hyperdynamics: Accelerated molecular dynamics of infrequent events},
  author={Voter, Arthur F},
  journal={Physical Review Letters},
  volume={78},
  number={20},
  pages={3908},
  year={1997},
  publisher={APS}
}

@article{voter1997method,
  title={A method for accelerating the molecular dynamics simulation of infrequent events},
  author={Voter, Arthur F},
  journal={The Journal of chemical physics},
  volume={106},
  number={11},
  pages={4665--4677},
  year={1997},
  publisher={American Institute of Physics}
}

@article{chevrier2009,
  title={First principles model of amorphous silicon lithiation},
  author={Chevrier, VL and Dahn, Jeff R},
  journal={Journal of the Electrochemical Society},
  volume={156},
  number={6},
  pages={A454},
  year={2009},
  publisher={IOP Publishing}
}

@article{beaulieu2003,
  title={Reaction of Li with alloy thin films studied by in situ AFM},
  author={Beaulieu, LY and Hatchard, TD and Bonakdarpour, A and Fleischauer, MD and Dahn, JR},
  journal={Journal of the Electrochemical Society},
  volume={150},
  number={11},
  pages={A1457},
  year={2003},
  publisher={IOP Publishing}
}

@article{hatchard2004,
  title={In situ XRD and electrochemical study of the reaction of lithium with amorphous silicon},
  author={Hatchard, TD and Dahn, JR},
  journal={Journal of The Electrochemical Society},
  volume={151},
  number={6},
  pages={A838},
  year={2004},
  publisher={IOP Publishing}
}

@article{lamparter1995,
  title={Structure of metallic glasses},
  author={Lamparter, P},
  journal={Physica Scripta},
  volume={1995},
  number={T57},
  pages={45},
  year={1995},
  publisher={IOP Publishing}
}

@inproceedings{ester1996,
  title={A density-based algorithm for discovering clusters in large spatial databases with noise.},
  author={Ester, Martin and Kriegel, Hans-Peter and Sander, J{\"o}rg and Xu, Xiaowei and others},
  booktitle={kdd},
  volume={96},
  number={34},
  pages={226--231},
  year={1996}
}

@article{ding2015,
  title={Second-nearest-neighbor correlations from connection of atomic packing motifs in metallic glasses and liquids},
  author={Ding, Jun and Ma, Evan and Asta, Mark and Ritchie, Robert O},
  journal={Scientific reports},
  volume={5},
  number={1},
  pages={1--9},
  year={2015},
  publisher={Nature Publishing Group}
}

@BOOK{warren69,
   author       = {B. E. Warren},
   year         = 1969,
   title        = {X-ray diffraction},
   publisher    = {Dover publications}
}

@article{cowley1950,
  title={An approximate theory of order in alloys},
  author={Cowley, JM},
  journal={Physical Review},
  volume={77},
  number={5},
  pages={669},
  year={1950},
  publisher={APS}
}


%%%%%%%%%%%%%%%%%%%%%%%%%%%%%%%%%%%%%%%%%%%%%%%%%%%%%%%%%%%%%%%%%%%%%%%%%%%%%%%%%
%%%%%%%%%%%%%%%%%%%%%%%%%%%        APENDICE       %%%%%%%%%%%%%%%%%%%%%%%%%%%%%%%
%%%%%%%%%%%%%%%%%%%%%%%%%%%%%%%%%%%%%%%%%%%%%%%%%%%%%%%%%%%%%%%%%%%%%%%%%%%%%%%%%

@article{millman2011,
  title={Python for scientists and engineers},
  author={Millman, K Jarrod and Aivazis, Michael},
  journal={Computing in science \& engineering},
  volume={13},
  number={2},
  pages={9--12},
  year={2011},
  publisher={IEEE}
}

@article{numpy,
  title={Array programming with NumPy},
  author={Harris, Charles R and Millman, K Jarrod and Van Der Walt, St{\'e}fan J and Gommers, Ralf and Virtanen, Pauli and Cournapeau, David and Wieser, Eric and Taylor, Julian and Berg, Sebastian and Smith, Nathaniel J and others},
  journal={Nature},
  volume={585},
  number={7825},
  pages={357--362},
  year={2020},
  publisher={Nature Publishing Group UK London}
}

@article{scipy,
  title={SciPy 1.0: fundamental algorithms for scientific computing in Python},
  author={Virtanen, Pauli and Gommers, Ralf and Oliphant, Travis E and Haberland, Matt and Reddy, Tyler and Cournapeau, David and Burovski, Evgeni and Peterson, Pearu and Weckesser, Warren and Bright, Jonathan and others},
  journal={Nature methods},
  volume={17},
  number={3},
  pages={261--272},
  year={2020},
  publisher={Nature Publishing Group}
}

@inproceedings{pandas,
  title={Data structures for statistical computing in python},
  author={McKinney, Wes and others},
  booktitle={Proceedings of the 9th Python in Science Conference},
  volume={445},
  number={1},
  pages={51--56},
  year={2010},
  organization={Austin, TX}
}

@article{matplotlib,
  title={Matplotlib: A 2D graphics environment},
  author={Hunter, John D},
  journal={Computing in science \& engineering},
  volume={9},
  number={03},
  pages={90--95},
  year={2007},
  publisher={IEEE Computer Society}
}

@article{sklearn1,
  title={Scikit-learn: Machine learning in Python},
  author={Pedregosa, Fabian and Varoquaux, Ga{\"e}l and Gramfort, Alexandre and Michel, Vincent and Thirion, Bertrand and Grisel, Olivier and Blondel, Mathieu and Prettenhofer, Peter and Weiss, Ron and Dubourg, Vincent and others},
  journal={the Journal of machine Learning research},
  volume={12},
  pages={2825--2830},
  year={2011},
  publisher={JMLR. org}
}

@article{sklearn2,
  title={API design for machine learning software: experiences from the scikit-learn project},
  author={Buitinck, Lars and Louppe, Gilles and Blondel, Mathieu and Pedregosa, Fabian and Mueller, Andreas and Grisel, Olivier and Niculae, Vlad and Prettenhofer, Peter and Gramfort, Alexandre and Grobler, Jaques and others},
  journal={arXiv preprint arXiv:1309.0238},
  year={2013}
}

@inproceedings{jazayeri2007,
  title={Some trends in web application development},
  author={Jazayeri, Mehdi},
  booktitle={Future of Software Engineering (FOSE'07)},
  pages={199--213},
  year={2007},
  organization={IEEE}
}

@article{miller1963,
  title={Systematic mistake analysis of digital computer programs},
  author={Miller, Joan C and Maloney, Clifford J},
  journal={Communications of the ACM},
  volume={6},
  number={2},
  pages={58--63},
  year={1963},
  publisher={ACM New York, NY, USA}
}

@article{mdanalysis1,
  title={MDAnalysis: a toolkit for the analysis of molecular dynamics simulations},
  author={Michaud-Agrawal, Naveen and Denning, Elizabeth J and Woolf, Thomas B and Beckstein, Oliver},
  journal={Journal of computational chemistry},
  volume={32},
  number={10},
  pages={2319--2327},
  year={2011},
  publisher={Wiley Online Library}
}

@inproceedings{mdanalysis2,
  title={MDAnalysis: a Python package for the rapid analysis of molecular dynamics simulations},
  author={Gowers, Richard J and Linke, Max and Barnoud, Jonathan and Reddy, Tyler JE and Melo, Manuel N and Seyler, Sean L and Domanski, Jan and Dotson, David L and Buchoux, S{\'e}bastien and Kenney, Ian M and others},
  booktitle={Proceedings of the 15th python in science conference},
  volume={98},
  pages={105},
  year={2016},
  organization={SciPy Austin, TX}
}
